@inproceedings{lindell2000privacy,
  title={Privacy preserving data mining},
  author={Lindell, Yehuda and Pinkas, Benny},
  booktitle={Annual International Cryptology Conference},
  pages={36--54},
  year={2000},
  organization={Springer}
}

@inproceedings{bogdanov2008sharemind,
  title={Sharemind: A framework for fast privacy-preserving computations},
  author={Bogdanov, Dan and Laur, Sven and Willemson, Jan},
  booktitle={European Symposium on Research in Computer Security},
  pages={192--206},
  year={2008},
  organization={Springer}
}

@book{gentry2009fully,
  title={A fully homomorphic encryption scheme},
  author={Gentry, Craig},
  year={2009},
  publisher={Stanford University}
}

@online{PRACTICE,
  author    = {{D22.1 State-of-the-Art Analysis}},
  title     = {PRACTICE: Privacy-Preserving Computation in the Cloud},
  howpublished = {\url{http://practice-project.eu/downloads/publications/D22.1-State-of-the-art-analysis-PU-V1.1.pdf}},
  year      = {2015}
}

@phdthesis{bogdanov2013sharemind,
  title={Sharemind: programmable secure computations with practical applications},
  author={Bogdanov, Dan},
  year={2013}
}

@article{lindell2009secure,
  title={Secure multiparty computation for privacy-preserving data mining},
  author={Lindell, Yehuda and Pinkas, Benny},
  journal={Journal of Privacy and Confidentiality},
  volume={1},
  number={1},
  pages={5},
  year={2009}
}

@phdthesis{de2012design,
  title={Design of large scale applications of secure multiparty computation: secure linear programming},
  author={de Hoogh, Sebastiaan},
  year={2012},
  school={PhD thesis, Eindhoven University of Technology}
}

@article{mazonka2016cryptoleq,
  title={Cryptoleq: A heterogeneous abstract machine for encrypted and unencrypted computation},
  author={Mazonka, Oleg and Tsoutsos, Nektarios Georgios and Maniatakos, Michail},
  journal={IEEE Transactions on Information Forensics and Security},
  volume={11},
  number={9},
  pages={2123--2138},
  year={2016},
  publisher={IEEE}
}

@inproceedings{adida2008helios,
  title={Helios: Web-based Open-Audit Voting.},
  author={Adida, Ben},
  booktitle={USENIX security symposium},
  volume={17},
  pages={335--348},
  year={2008}
}

@inproceedings{yao1982protocols,
  title={Protocols for secure computations},
  author={Yao, Andrew C},
  booktitle={Foundations of Computer Science, 1982. SFCS'08. 23rd Annual Symposium on},
  pages={160--164},
  year={1982},
  organization={IEEE}
}

@article{shamir1979share,
  title={How to share a secret},
  author={Shamir, Adi},
  journal={Communications of the ACM},
  volume={22},
  number={11},
  pages={612--613},
  year={1979},
  publisher={ACm}
}

@incollection{blakley1994linear,
  title={Linear algebra approach to secret sharing schemes},
  author={Blakley, GR and Kabatianskii, GA},
  booktitle={Error Control, Cryptology, and Speech Compression},
  pages={33--40},
  year={1994},
  publisher={Springer}
}

@article{kim2003designs,
  title={Designs in additive codes over GF (4)},
  author={Kim, Jon-Lark and Pless, Vera},
  journal={Designs, Codes and Cryptography},
  volume={30},
  number={2},
  pages={187--199},
  year={2003},
  publisher={Springer}
}

